<?xml version="1.0" encoding="utf-8"?>
<record xmlns="http://www.loc.gov/MARC21/slim" xmlns:xsi="http://www.w3.org/2001/XMLSchema-instance" xsi:schemaLocation="http://www.loc.gov/MARC21/slim http://www.loc.gov/standards/marcxml/schema/MARC21slim.xsd">
	<leader>     nam a22     Mi 4500</leader>
	<controlfield tag="001">b12497332</controlfield>
	<controlfield tag="003">LeBAU</controlfield>
	<controlfield tag="006">m        d        </controlfield>
	<controlfield tag="007">cr cn |||m|||a</controlfield>
	<controlfield tag="008">200327s1954    ua af   ob    001 0 ara d</controlfield>
	<datafield ind1=" " ind2=" " tag="040">
		<subfield code="a">ZYU</subfield>
		<subfield code="b">ara</subfield>
		<subfield code="e">rda</subfield>
		<subfield code="c">ZYU</subfield>
	</datafield>
	<datafield ind1="0" ind2="4" tag="082">
		<subfield code="a">709.56</subfield>
		<subfield code="2">23</subfield>
	</datafield>
	<datafield ind1="1" ind2=" " tag="100">
		<subfield code="6">880-01</subfield>
		<subfield code="a">Dimand, M. S.</subfield>
		<subfield code="q">(Maurice Sven),</subfield>
		<subfield code="d">1892-1986</subfield>
		<subfield code="e">author.</subfield>
		<subfield code="0">https://lccn.loc.gov/n50025525 ,</subfield>
	</datafield>
	<datafield ind1="1" ind2="3" tag="245">
		<subfield code="6">880-02</subfield>
		<subfield code="a">al-Funūn al-Islamīyah /</subfield>
		<subfield code="c">taʼlīf M. S Dīmānd ; tarjamat Aḥmad Muḥammad ʻĪsá ; taṣdīr al-Duktūr Aḥmad Fikrī.</subfield>
	</datafield>
	<datafield ind1=" " ind2="1" tag="264">
		<subfield code="6">880-03</subfield>
		<subfield code="a">Miṣr :</subfield>
		<subfield code="b">Dār al-Maʻārif,</subfield>
		<subfield code="c">1954.</subfield>
	</datafield>
	<datafield ind1=" " ind2=" " tag="300">
		<subfield code="6">880-04</subfield>
		<subfield code="a">online resource (349 pages, 69 unnumbered pages of plates) :</subfield>
		<subfield code="b">illustrations, map</subfield>
	</datafield>
	<datafield ind1=" " ind2=" " tag="336">
		<subfield code="a">text</subfield>
		<subfield code="2">rdacontent</subfield>
	</datafield>
	<datafield ind1=" " ind2=" " tag="337">
		<subfield code="a">computer</subfield>
		<subfield code="2">rdamedia</subfield>
	</datafield>
	<datafield ind1=" " ind2=" " tag="338">
		<subfield code="a">online resource</subfield>
		<subfield code="2">rdacarrier</subfield>
	</datafield>
	<datafield ind1=" " ind2=" " tag="500">
		<subfield code="a">Part of the Arabic Collections Online (ACO) project, contributed by American University of Beirut's Jafet Memorial Library.</subfield>
	</datafield>
	<datafield ind1=" " ind2=" " tag="533">
		<subfield code="a">Electronic reproduction.</subfield>
		<subfield code="b">New York, N.Y. :</subfield>
		<subfield code="c">New York University,</subfield>
		<subfield code="d">2020.</subfield>
		<subfield code="5">NNU</subfield>
	</datafield>
	<datafield ind1="2" ind2="0" tag="610">
		<subfield code="6">880-05</subfield>
		<subfield code="a">Metropolitan Museum of Art (New York, N.Y.)</subfield>
	</datafield>
	<datafield ind1=" " ind2="0" tag="650">
		<subfield code="6">880-06</subfield>
		<subfield code="a">Islamic art.</subfield>
	</datafield>
	<datafield ind1=" " ind2="0" tag="650">
		<subfield code="6">880-07</subfield>
		<subfield code="a">Islamic decoration and ornament.</subfield>
	</datafield>
	<datafield ind1="1" ind2=" " tag="700">
		<subfield code="6">880-08</subfield>
		<subfield code="a">ʻĪsá, Aḥmad Muḥammad</subfield>
		<subfield code="e">translator</subfield>
		<subfield code="0">https://lccn.loc.gov/n90658316 ,</subfield>
	</datafield>
	<datafield ind1="1" ind2=" " tag="700">
		<subfield code="6">880-09</subfield>
		<subfield code="a">Fikrī, Aḥmad</subfield>
		<subfield code="e">author of introduction, etc.</subfield>
		<subfield code="0">https://lccn.loc.gov/n82231566 ,</subfield>
	</datafield>
	<datafield ind1="2" ind2=" " tag="710">
		<subfield code="a">Jafet Memorial Library.</subfield>
	</datafield>
	<datafield ind1="0" ind2=" " tag="730">
		<subfield code="a">Arabic Collections Online.</subfield>
	</datafield>
	<datafield ind1="0" ind2="8" tag="765">
		<subfield code="6">880-10</subfield>
		<subfield code="i">is translation of</subfield>
		<subfield code="4">http://rdaregistry.info/Elements/e/P20141 :</subfield>
		<subfield code="a">Dimand, M. S. (Maurice Sven), 1892-1986.</subfield>
		<subfield code="t">A handbook of Muhammadan art.</subfield>
		<subfield code="b">2nd. edition, revised. and enlarged.</subfield>
		<subfield code="d">New York : Hartsdale House, 1947</subfield>
		<subfield code="w">(OCoLC)00643789</subfield>
		<subfield code="w">(OCoLC)00643789</subfield>
	</datafield>
	<datafield ind1="0" ind2="8" tag="776">
		<subfield code="i">Print version:</subfield>
		<subfield code="a">Dimand, M. S. (Maurice Sven), 1892-1986 author. https://lccn.loc.gov/n50025525 ,</subfield>
		<subfield code="t">al-Funūn al-Islamīyah</subfield>
		<subfield code="w">(LeBAU)b12497332</subfield>
	</datafield>
	<datafield ind1="4" ind2="0" tag="856">
		<subfield code="u">http://hdl.handle.net/2333.1/qfttf7jz</subfield>
	</datafield>
	<datafield ind1="1" ind2=" " tag="880">
		<subfield code="6">100-01</subfield>
		<subfield code="a">ديماند، م. س.</subfield>
		<subfield code="q">(موريس سفن)،</subfield>
		<subfield code="d">1892-1986،</subfield>
		<subfield code="0">https://lccn.loc.gov/n50025525 ,</subfield>
		<subfield code="e">مؤلف.</subfield>
		<subfield code="4">aut.</subfield>
	</datafield>
	<datafield ind1="1" ind2="2" tag="880">
		<subfield code="6">245-02</subfield>
		<subfield code="a">الفنون الاسلامية /</subfield>
		<subfield code="c">تأليف م. س. ديماند ؛ ترجمة أحمد محمد عيسى ؛ تصدير الدكتور أحمد فكري.</subfield>
	</datafield>
	<datafield ind1=" " ind2="1" tag="880">
		<subfield code="6">264-03</subfield>
		<subfield code="a">مصر :</subfield>
		<subfield code="b">دار المعارف،</subfield>
		<subfield code="c">1954.</subfield>
	</datafield>
	<datafield ind1=" " ind2=" " tag="880">
		<subfield code="6">300-04</subfield>
		<subfield code="a">349 صفحة، 69 صفحة لوحات غير مرقمة :</subfield>
		<subfield code="b">مصورات، خريطة ؛</subfield>
		<subfield code="c">25 سم</subfield>
	</datafield>
	<datafield ind1=" " ind2=" " tag="880">
		<subfield code="6">500-00</subfield>
		<subfield code="a">&quot;نشر بالإشتراك مع مؤسسة فرانكلين للطباعة والنشر.&quot;</subfield>
	</datafield>
	<datafield ind1=" " ind2=" " tag="880">
		<subfield code="6">504-00</subfield>
		<subfield code="a">يتضمن مراجع ببليوغرافية (صفحات 327-339) وكشاف.</subfield>
	</datafield>
	<datafield ind1=" " ind2=" " tag="880">
		<subfield code="6">588-00</subfield>
		<subfield code="a">تاريخ النشر اخذ من صفحة 15.</subfield>
	</datafield>
	<datafield ind1=" " ind2=" " tag="880">
		<subfield code="6">590-00</subfield>
		<subfield code="a">خريطة ممزقة.</subfield>
	</datafield>
	<datafield ind1="2" ind2="4" tag="880">
		<subfield code="6">610-05</subfield>
		<subfield code="a">متحف المتروبليتيان (نيويورك)</subfield>
	</datafield>
	<datafield ind1=" " ind2="4" tag="880">
		<subfield code="6">650-06</subfield>
		<subfield code="a">الفن الاسلامي.</subfield>
	</datafield>
	<datafield ind1=" " ind2="4" tag="880">
		<subfield code="6">650-07</subfield>
		<subfield code="a">الزخرفة والزخارف الاسلامية.</subfield>
	</datafield>
	<datafield ind1="1" ind2=" " tag="880">
		<subfield code="6">700-08</subfield>
		<subfield code="a">عيسى، احمد محمد،</subfield>
		<subfield code="0">https://lccn.loc.gov/n90658316 ,</subfield>
		<subfield code="e">مترجم.</subfield>
		<subfield code="4">trl.</subfield>
	</datafield>
	<datafield ind1="1" ind2=" " tag="880">
		<subfield code="6">700-09</subfield>
		<subfield code="a">فكري، احمد،</subfield>
		<subfield code="0">https://lccn.loc.gov/n82231566 ,</subfield>
		<subfield code="e">مؤلف مقدمة.</subfield>
		<subfield code="4">aui.</subfield>
	</datafield>
	<datafield ind1="0" ind2="8" tag="880">
		<subfield code="6">765-10</subfield>
		<subfield code="i">ترجمة</subfield>
		<subfield code="4">http://rdaregistry.info/Elements/e/P20141 :</subfield>
		<subfield code="a">Dimand, M. S. (Maurice Sven), 1892-1986.</subfield>
		<subfield code="t">A handbook of Muhammadan art.</subfield>
		<subfield code="b">2nd. edition, revised. and enlarged.</subfield>
		<subfield code="d">New York : Hartsdale House, 1947</subfield>
		<subfield code="w">(LEAUB)b11598815</subfield>
		<subfield code="w">(OCoLC)00643789</subfield>
	</datafield>
	<datafield ind1=" " ind2=" " tag="959">
		<subfield code="a">NNU</subfield>
		<subfield code="b">WEB</subfield>
		<subfield code="c">GENI</subfield>
		<subfield code="t">0</subfield>
		<subfield code="m">Electronic access</subfield>
		<subfield code="s">01</subfield>
	</datafield>
	<datafield ind1=" " ind2=" " tag="999">
		<subfield code="i">LeBAU_b12497332</subfield>
		<subfield code="s">aub_aco003669:</subfield>
		<subfield code="e">(ERROR-MISC)</subfield>
		<subfield code="s">aub_aco003669:</subfield>
	</datafield>
</record>
